trade_id,player_id,team_id,round,action,quantity,price,timestamp
391,p031,Team_8,3,BUY,17,52.28,2025-11-13 09:00:00
392,p038,Team_2,3,BUY,9,52.34,2025-11-13 09:02:48
393,p023,Team_8,3,SELL,10,41.33,2025-11-13 09:04:38
394,p010,Team_2,3,SELL,6,56.3,2025-11-13 09:05:44
395,p038,Team_8,3,BUY,9,38.97,2025-11-13 09:07:34
396,p028,Team_7,3,BUY,3,51.02,2025-11-13 09:08:34
397,p019,Team_1,3,BUY,17,43.08,2025-11-13 09:10:35
398,p037,Team_2,3,BUY,8,46.66,2025-11-13 09:12:11
399,p003,Team_7,3,BUY,6,53.04,2025-11-13 09:14:18
400,p030,Team_6,3,BUY,11,52.52,2025-11-13 09:16:56
401,p021,Team_6,3,SELL,6,53.47,2025-11-13 09:17:03
402,p001,Team_5,3,BUY,9,40.25,2025-11-13 09:18:18
403,p033,Team_7,3,BUY,12,43.27,2025-11-13 09:21:06
404,p016,Team_8,3,BUY,5,53.92,2025-11-13 09:23:44
405,p003,Team_3,3,BUY,17,62.18,2025-11-13 09:25:16
406,p019,Team_6,3,BUY,11,47.37,2025-11-13 09:25:31
407,p028,Team_2,3,BUY,5,53.8,2025-11-13 09:26:11
408,p004,Team_8,3,BUY,5,42.37,2025-11-13 09:27:43
409,p006,Team_4,3,SELL,4,60.56,2025-11-13 09:28:56
410,p009,Team_1,3,SELL,13,66.24,2025-11-13 09:31:34
411,p008,Team_6,3,BUY,20,54.96,2025-11-13 09:33:53
412,p026,Team_1,3,SELL,12,61.75,2025-11-13 09:36:50
413,p029,Team_4,3,SELL,2,46.25,2025-11-13 09:39:36
414,p029,Team_2,3,BUY,14,66.38,2025-11-13 09:41:01
415,p030,Team_3,3,SELL,7,55.56,2025-11-13 09:43:59
416,p013,Team_7,3,SELL,12,58.13,2025-11-13 09:44:29
417,p001,Team_4,3,BUY,16,58.58,2025-11-13 09:47:28
418,p030,Team_4,3,SELL,8,45.68,2025-11-13 09:50:24
419,p021,Team_1,3,SELL,9,50.57,2025-11-13 09:50:54
420,p021,Team_1,3,BUY,12,47.01,2025-11-13 09:51:46
421,p009,Team_7,3,SELL,8,48.33,2025-11-13 09:52:14
422,p038,Team_4,3,BUY,11,38.78,2025-11-13 09:54:16
423,p030,Team_2,3,BUY,11,52.72,2025-11-13 09:54:29
424,p037,Team_8,3,BUY,20,57.18,2025-11-13 09:54:53
425,p006,Team_2,3,BUY,13,48.53,2025-11-13 09:56:51
426,p001,Team_5,3,BUY,7,65.44,2025-11-13 09:58:13
427,p036,Team_2,3,BUY,9,49.57,2025-11-13 10:00:51
428,p005,Team_7,3,BUY,13,46.49,2025-11-13 10:03:12
429,p013,Team_6,3,SELL,13,46.31,2025-11-13 10:05:43
430,p018,Team_3,3,BUY,11,52.2,2025-11-13 10:05:49
431,p040,Team_8,3,SELL,14,52.28,2025-11-13 10:06:13
432,p002,Team_6,3,BUY,9,55.67,2025-11-13 10:06:56
433,p028,Team_2,3,BUY,4,46.92,2025-11-13 10:07:10
434,p022,Team_1,3,SELL,12,44.46,2025-11-13 10:09:04
435,p013,Team_1,3,SELL,10,48.27,2025-11-13 10:11:30
436,p004,Team_7,3,SELL,9,34.96,2025-11-13 10:14:17
437,p018,Team_1,3,BUY,11,38.07,2025-11-13 10:14:44
438,p017,Team_5,3,BUY,15,60.27,2025-11-13 10:16:01
439,p037,Team_7,3,BUY,9,47.32,2025-11-13 10:17:16
440,p015,Team_7,3,SELL,12,49.66,2025-11-13 10:18:21
441,p038,Team_7,3,BUY,6,52.27,2025-11-13 10:19:54
442,p015,Team_3,3,BUY,18,53.05,2025-11-13 10:20:31
443,p011,Team_2,3,BUY,4,42.76,2025-11-13 10:22:57
444,p026,Team_2,3,SELL,12,56.88,2025-11-13 10:24:16
445,p015,Team_5,3,BUY,16,51.42,2025-11-13 10:25:23
446,p015,Team_2,3,BUY,11,48.67,2025-11-13 10:27:49
447,p002,Team_2,3,BUY,12,42.66,2025-11-13 10:29:06
448,p018,Team_8,3,SELL,9,52.43,2025-11-13 10:29:13
449,p030,Team_7,3,BUY,1,61.74,2025-11-13 10:32:05
450,p024,Team_5,3,BUY,7,39.67,2025-11-13 10:33:50
451,p005,Team_6,3,SELL,16,55.34,2025-11-13 10:34:14
452,p039,Team_3,3,SELL,13,32.39,2025-11-13 10:36:28
453,p031,Team_7,3,BUY,9,49.07,2025-11-13 10:37:45
454,p013,Team_1,3,SELL,16,42.52,2025-11-13 10:38:46
455,p013,Team_6,3,BUY,15,45.5,2025-11-13 10:41:27
456,p034,Team_2,3,SELL,6,44.1,2025-11-13 10:43:40
457,p033,Team_7,3,BUY,12,35.57,2025-11-13 10:44:25
458,p004,Team_7,3,SELL,9,44.36,2025-11-13 10:46:54
459,p003,Team_6,3,BUY,15,29.77,2025-11-13 10:48:40
460,p003,Team_1,3,SELL,20,44.67,2025-11-13 10:51:11
461,p029,Team_3,3,BUY,12,46.32,2025-11-13 10:51:26
462,p021,Team_6,3,SELL,5,48.56,2025-11-13 10:54:04
463,p036,Team_5,3,BUY,9,49.49,2025-11-13 10:56:50
464,p036,Team_2,3,BUY,7,53.11,2025-11-13 10:58:23
465,p037,Team_1,3,SELL,13,37.4,2025-11-13 10:59:31
466,p012,Team_5,3,SELL,14,45.99,2025-11-13 11:01:44
467,p030,Team_3,3,BUY,1,52.49,2025-11-13 11:03:00
468,p030,Team_6,3,BUY,7,33.51,2025-11-13 11:04:50
469,p040,Team_2,3,BUY,10,48.79,2025-11-13 11:07:34
470,p019,Team_5,3,BUY,13,37.54,2025-11-13 11:07:56
471,p010,Team_1,3,BUY,1,29.38,2025-11-13 11:10:34
472,p029,Team_8,3,SELL,7,44.86,2025-11-13 11:12:26
473,p022,Team_8,3,BUY,7,50.98,2025-11-13 11:14:25
474,p016,Team_3,3,BUY,1,42.94,2025-11-13 11:16:48
475,p027,Team_1,3,BUY,15,55.68,2025-11-13 11:18:02
476,p028,Team_2,3,SELL,9,38.73,2025-11-13 11:19:30
477,p038,Team_2,3,BUY,17,49.43,2025-11-13 11:21:02
478,p018,Team_2,3,SELL,5,57.27,2025-11-13 11:22:58
479,p027,Team_7,3,SELL,20,48.62,2025-11-13 11:23:55
480,p019,Team_2,3,SELL,6,42.95,2025-11-13 11:26:33
481,p012,Team_1,3,BUY,13,54.46,2025-11-13 11:28:48
482,p030,Team_7,3,SELL,5,54.37,2025-11-13 11:30:00
483,p009,Team_1,3,SELL,2,53.08,2025-11-13 11:31:51
484,p015,Team_1,3,BUY,9,46.98,2025-11-13 11:33:22
485,p009,Team_5,3,SELL,13,49.42,2025-11-13 11:34:23
486,p012,Team_1,3,BUY,1,66.51,2025-11-13 11:35:19
487,p006,Team_2,3,SELL,2,50.73,2025-11-13 11:36:50
488,p014,Team_7,3,BUY,15,50.64,2025-11-13 11:38:17
489,p014,Team_2,3,BUY,10,57.48,2025-11-13 11:40:53
490,p014,Team_4,3,BUY,11,60.53,2025-11-13 11:43:12
491,p024,Team_6,3,BUY,7,58.33,2025-11-13 11:43:54
492,p032,Team_8,3,BUY,12,52.65,2025-11-13 11:45:17
493,p011,Team_2,3,BUY,16,43.19,2025-11-13 11:46:54
494,p015,Team_6,3,BUY,15,51.71,2025-11-13 11:47:42
495,p011,Team_1,3,SELL,11,42.99,2025-11-13 11:49:59
496,p005,Team_3,3,BUY,7,40.68,2025-11-13 11:51:22
497,p022,Team_8,3,BUY,11,52.93,2025-11-13 11:51:43
498,p013,Team_4,3,SELL,10,36.39,2025-11-13 11:52:23
499,p039,Team_1,3,BUY,12,49.66,2025-11-13 11:53:42
500,p009,Team_8,3,SELL,8,38.13,2025-11-13 11:54:56
501,p011,Team_3,3,SELL,10,54.15,2025-11-13 11:57:34
502,p015,Team_7,3,BUY,4,59.49,2025-11-13 11:59:58
503,p002,Team_2,3,SELL,3,41.74,2025-11-13 12:02:33
504,p031,Team_4,3,BUY,8,59.95,2025-11-13 12:03:29
505,p026,Team_4,3,BUY,11,51.26,2025-11-13 12:05:54
506,p034,Team_5,3,SELL,20,36.19,2025-11-13 12:08:29
507,p006,Team_7,3,BUY,10,58.48,2025-11-13 12:10:56
508,p011,Team_4,3,BUY,10,47.66,2025-11-13 12:13:11
509,p012,Team_6,3,BUY,5,57.27,2025-11-13 12:15:14
510,p003,Team_1,3,SELL,9,55.51,2025-11-13 12:16:19
511,p040,Team_7,3,SELL,13,58.33,2025-11-13 12:17:17
512,p010,Team_4,3,BUY,17,37.78,2025-11-13 12:17:35
513,p007,Team_5,3,SELL,4,45.81,2025-11-13 12:18:26
514,p019,Team_8,3,SELL,1,49.98,2025-11-13 12:21:03
515,p012,Team_1,3,BUY,9,51.0,2025-11-13 12:24:03
516,p009,Team_3,3,SELL,9,54.37,2025-11-13 12:25:41
517,p009,Team_7,3,BUY,14,47.52,2025-11-13 12:26:47
518,p019,Team_3,3,BUY,12,55.7,2025-11-13 12:27:24
519,p014,Team_2,3,BUY,13,57.83,2025-11-13 12:28:16
520,p015,Team_7,3,SELL,17,40.86,2025-11-13 12:29:34
521,p037,Team_1,3,SELL,9,64.5,2025-11-13 12:32:17
522,p015,Team_1,3,SELL,9,47.54,2025-11-13 12:34:37
523,p014,Team_4,3,BUY,5,44.36,2025-11-13 12:35:14
524,p020,Team_2,3,SELL,15,48.0,2025-11-13 12:37:51
525,p038,Team_2,3,BUY,17,47.41,2025-11-13 12:38:32
526,p008,Team_5,3,BUY,9,31.96,2025-11-13 12:40:46
527,p006,Team_8,3,SELL,3,42.67,2025-11-13 12:43:00
528,p012,Team_6,3,SELL,1,42.25,2025-11-13 12:45:39
529,p024,Team_7,3,SELL,11,67.38,2025-11-13 12:47:26
530,p005,Team_3,3,BUY,7,45.57,2025-11-13 12:48:21
531,p008,Team_4,3,SELL,9,50.11,2025-11-13 12:50:46
532,p034,Team_2,3,BUY,8,57.8,2025-11-13 12:51:36
533,p002,Team_6,3,BUY,6,56.16,2025-11-13 12:52:01
534,p006,Team_6,3,BUY,3,55.91,2025-11-13 12:53:08
535,p031,Team_3,3,SELL,1,37.48,2025-11-13 12:54:43
536,p039,Team_2,3,BUY,13,37.77,2025-11-13 12:55:11
537,p001,Team_3,3,SELL,10,61.44,2025-11-13 12:57:21
538,p032,Team_7,3,SELL,19,58.53,2025-11-13 12:58:53
539,p022,Team_2,3,SELL,10,45.2,2025-11-13 13:00:31
540,p014,Team_3,3,SELL,2,39.69,2025-11-13 13:01:32
541,p012,Team_5,3,SELL,6,58.57,2025-11-13 13:03:00
542,p032,Team_2,3,BUY,16,48.73,2025-11-13 13:03:17
543,p024,Team_2,3,SELL,15,54.24,2025-11-13 13:05:36
544,p014,Team_6,3,BUY,11,38.73,2025-11-13 13:05:53
545,p007,Team_4,3,SELL,12,38.36,2025-11-13 13:07:48
546,p032,Team_7,3,BUY,14,50.64,2025-11-13 13:08:49
547,p034,Team_5,3,BUY,10,48.51,2025-11-13 13:10:07
548,p006,Team_8,3,BUY,11,39.87,2025-11-13 13:10:22
549,p001,Team_6,3,BUY,9,48.6,2025-11-13 13:12:50
550,p022,Team_6,3,SELL,6,69.72,2025-11-13 13:13:06
551,p036,Team_3,3,BUY,14,45.75,2025-11-13 13:13:28
552,p014,Team_2,3,BUY,15,48.82,2025-11-13 13:13:40
553,p031,Team_4,3,BUY,3,49.82,2025-11-13 13:15:34
